@online{jetbrains_webstorm,
        title = {{WebStorm}: The Smartest {JavaScript} {IDE} by {JetBrains}},
        url = {https://www.jetbrains.com/webstorm/},
        shorttitle = {{WebStorm}},
        abstract = {A powerful {IDE} for modern {JavaScript} development with code completion and refactoring for {JavaScript}, {TypeScript}, and the most popular web frameworks.},
        titleaddon = {{JetBrains}},
        urldate = {2021-06-15},
        langid = {english},
        file = {Snapshot:/Users/rokserak/Zotero/storage/RJN6PQIH/webstorm.html:text/html},
}

@online{javascript_mozilla,
        title = {What is {JavaScript}? - Learn web development {\textbar} {MDN}},
        url = {https://developer.mozilla.org/en-US/docs/Learn/JavaScript/First_steps/What_is_JavaScript},
        urldate = {2021-04-26},
        file = {What is JavaScript? - Learn web development | MDN:/Users/rokserak/Zotero/storage/KD5RQP5S/What_is_JavaScript.html:text/html},
}

@online{react_homepage,
	title = {React – A {JavaScript} library for building user interfaces},
	url = {https://reactjs.org/},
	abstract = {A {JavaScript} library for building user interfaces},
	urldate = {2022-02-20},
	langid = {english},
	file = {Snapshot:/Users/rokserak/Zotero/storage/PIGCIGES/reactjs.org.html:text/html},
}

@online{typescript_homepage,
	title = {{JavaScript} With Syntax For Types.},
	url = {https://www.typescriptlang.org/},
	abstract = {{TypeScript} extends {JavaScript} by adding types to the language. {TypeScript} speeds up your development experience by catching errors and providing fixes before you even run your code.},
	urldate = {2022-02-20},
	langid = {english},
	file = {Snapshot:/Users/rokserak/Zotero/storage/69YGQMG2/www.typescriptlang.org.html:text/html},
}

@online{blockchain_explained_investopedia,
	title = {Blockchain Explained},
	url = {https://www.investopedia.com/terms/b/blockchain.asp},
	abstract = {A blockchain is a digitally distributed, decentralized, public ledger that exists across a network. It is most noteworthy in its use with cryptocurrencies and {NFTs}.},
	titleaddon = {Investopedia},
	urldate = {2022-02-27},
	langid = {english},
	file = {Snapshot:/Users/rokserak/Zotero/storage/8HH5XD7B/blockchain.html:text/html},
}

@online{ethereum_whitepaper,
	title = {Ethereum Whitepaper},
	url = {https://ethereum.org},
	abstract = {An introductory paper to Ethereum, published in 2013 before its launch.},
	titleaddon = {ethereum.org},
	urldate = {2022-03-05},
	langid = {english},
	file = {Snapshot:/Users/rokserak/Zotero/storage/8C6EFC2S/whitepaper.html:text/html},
}

@online{filecoin,
	title = {Filecoin: A Decentralized Storage Network},
	url = {https://filecoin.io/filecoin.pdf},
	abstract = {Filecoin is a decentralized storage network that turns cloud storage into an algorithmic market.},
	urldate = {2022-03-05},
	langid = {english},
	file = {Snapshot:/Users/rokserak/Zotero/storage/ZW4GC3PX/ipfs.io.html:text/html},
}

@online{IPFS,
	title = {{IPFS} Powers the Distributed Web},
	url = {https://ipfs.io/},
	abstract = {The {InterPlanetary} File System is a peer-to-peer hypermedia protocol designed to preserve and grow humanity's knowledge by making the web upgradeable, resilient, and more open.},
	urldate = {2022-03-05},
	langid = {english},
	file = {Snapshot:/Users/rokserak/Zotero/storage/ZW4GC3PX/ipfs.io.html:text/html},
}

@online{eth_smart_contract_intro,
	title = {Introduction to smart contracts},
	url = {https://ethereum.org},
	abstract = {An overview of smart contracts, focussing on their unique characteristics and limitations.},
	titleaddon = {ethereum.org},
	urldate = {2022-02-24},
	langid = {english},
	file = {Snapshot:/Users/rokserak/Zotero/storage/HPDAAA4G/smart-contracts.html:text/html},
}

@online{erc20_token_standard,
	title = {{ERC}-20 Token Standard},
	url = {https://ethereum.org},
	abstract = {Ethereum is a global, decentralized platform for money and new kinds of applications. On Ethereum, you can write code that controls money, and build applications accessible anywhere in the world.},
	titleaddon = {ethereum.org},
	urldate = {2022-02-24},
	langid = {english},
	file = {Snapshot:/Users/rokserak/Zotero/storage/42YKJEQ4/erc-20.html:text/html},
}

@online{solidity_docs,
	title = {Solidity — Solidity 0.8.12 documentation},
	url = {https://docs.soliditylang.org/en/v0.8.12/},
	urldate = {2022-02-28},
	file = {Solidity — Solidity 0.8.12 documentation:/Users/rokserak/Zotero/storage/4EEHH39W/v0.8.12.html:text/html},
}

@online{51_attack_investopedia,
	title = {What Is a 51\% Attack?},
	url = {https://www.investopedia.com/terms/1/51-attack.asp},
	abstract = {A 51\% attack refers to an attack on a blockchain by a group of miners controlling more than 50\% of the network's mining hash rate, or computing power.},
	titleaddon = {Investopedia},
	urldate = {2022-03-05},
	langid = {english},
	file = {Snapshot:/Users/rokserak/Zotero/storage/ZU33AQYD/51-attack.html:text/html},
}

@online{dapps_investopedia,
	title = {What Are Decentralized Applications ({dApps})?},
	url = {https://www.investopedia.com/terms/d/decentralized-applications-dapps.asp},
	abstract = {Decentralized applications (or {dApps}) are digital applications that run on a blockchain or P2P network of computers instead of a single computer.},
	titleaddon = {Investopedia},
	urldate = {2022-03-05},
	langid = {english},
	file = {Snapshot:/Users/rokserak/Zotero/storage/C2VQV7A9/decentralized-applications-dapps.html:text/html},
}

@online{identity_provider_ubisecure,
  title = {What is an Identity Provider ({IdP}) and why do you need one?},
  url = {https://www.ubisecure.com/identity-provider/what-is-an-identity-provider-idp/},
  abstract = {An Identity Provider ({IdP}) is a third-party that manages a user's identity and attributes. Apps can use {IdPs} to simplify registration and benefit from identity verification and authentication for login.},
  titleaddon = {Ubisecure Customer Identity Management},
  urldate = {2022-03-06},
  date = {2020-08-21},
  langid = {english},
  file = {Snapshot:/Users/rokserak/Zotero/storage/DAKTM7SC/what-is-an-identity-provider-idp.html:text/html},
}


@online{infura,
	title = {Ethereum {API} {\textbar} {IPFS} {API} \& Gateway {\textbar} {ETH} Nodes as a Service},
	url = {https://infura.io/},
	abstract = {Infura's development suite provides instant, scalable {API} access to the Ethereum and {IPFS} networks. Connect your app to Ethereum and {IPFS} now, for free!},
	titleaddon = {Infura},
	urldate = {2022-03-14},
	langid = {english},
	file = {Snapshot:/Users/rokserak/Zotero/storage/P4ZWURS6/infura.io.html:text/html},
}

@software{hardhat_react_boilerplate,
	title = {symfoni/hardhat-react-boilerplate},
	url = {https://github.com/symfoni/hardhat-react-boilerplate},
	abstract = {Write smart-contracts that are typed, deployed, instantiated and connected to provider in React app.},
	publisher = {Symfoni},
	urldate = {2022-03-14},
	date = {2022-03-12},
	note = {original-date: 2020-10-28T11:06:35Z},
}

@software{textile_storage_gh,
        title = {@textile/storage},
        url = {https://github.com/textileio/storage-js},
        abstract = {Javascript/Typescript {SDK} for Textile's blockchain ↔ Filecoin bridge system},
        publisher = {textile.io},
        urldate = {2022-03-19},
        date = {2022-03-16},
        note = {original-date: 2021-08-03T17:19:49Z},
}

@online{hardhat_docs,
        title = {Ethereum development environment for professionals by Nomic Foundation},
        url = {https://hardhat.org/getting-started/},
        abstract = {Compile, deploy, test and debug your Ethereum software. Get Solidity stack traces, console.log, mainnet forking and more.},
        urldate = {2022-03-20},
        langid = {american},
        file = {Snapshot:/Users/rokserak/Zotero/storage/2CZZMBEB/getting-started.html:text/html},
}

@online{blockchain_bridges_coinmarketcap,
        title = {What Are Blockchain Bridges? {\textbar} {CoinMarketCap}},
        url = {https://coinmarketcap.com/alexandria/article/what-are-blockchain-bridges},
        shorttitle = {What Are Blockchain Bridges?},
        abstract = {Content created by Web3 Foundation on behalf of Polkadot.},
        titleaddon = {{CoinMarketCap} Alexandria},
        urldate = {2022-03-20},
        langid = {english},
        file = {Snapshot:/Users/rokserak/Zotero/storage/82PJT54B/what-are-blockchain-bridges.html:text/html},
}

@online{metamask,
        title = {A crypto wallet \& gateway to blockchain apps {\textbar} {MetaMask}},
        url = {https://metamask.io/},
        abstract = {A crypto wallet \& gateway to blockchain apps},
        urldate = {2022-03-20},
        langid = {english},
        file = {Snapshot:/Users/rokserak/Zotero/storage/47PQF5PT/metamask.io.html:text/html},
}
